@misc {tichadou15,
  author         = {F. Bouchez Tichadou and T. Deutsch and L. Genovese and J.-F. M\'{e}haut and K. Pouget and B. Videau},
  title          = {BOAST: a Metaprogramming Framework to Produce Portable and Efficient Computing Kernels for HPC Applications},
  howpublished   = {Deliverable D5.5 of FP7 Mont-Blanc 2 Project (2015)},
  note           = {\url{https://www.montblanc-project.eu/sites/default/files/D5.5_0.pdf}},
  year           = {2015}
}

@inproceedings{ketterlin:nlr:cgo:2008,
  author 	 = {Alain Ketterlin and Philippe Clauss},
  title 	 = {Prediction and trace compression of data access addresses through nested loop recognition},
  booktitle 	 = {International Conference on Code Generation and Optimization},
  year 		 = 2008,
}

@inproceedings{maleki:vectorization:pact:2011,
  keywords 	 = {tsvc,vectorizing,compiler,survey},
  author 	 = {Saeed Maleki and Yaoqing Gao and Maria J. Garzar√°n and Tommy Wong and David A. Padua},
  title 	 = {An Evaluation of Vectorizing Compilers},
  booktitle 	 = pact,
  year 		 = 2011
}

@inproceedings{callahan:tsvc:sc:1988,
  keywords 	 = {compiler,tsvc},
  keywords 	 = {benchmark,vectorization,simdization,optimization},
  author 	 = {D. Callahan and J. Dongarra and D. Levine},
  title 	 = {Vectorizing compilers: a test suite and results},
  booktitle 	 = {Conference on Supercomputing},
  year 		 = 1988
}

@misc{yaml:2017,
  keywords 	 = {data,structure,language},
  title 	 = {YAML.org},
  url 		 = {\url{http://yaml.org/}},
  year 		 = 2017
}

@article{genovese:bigdft:jcp:2008,
  author 	 = {Luigi Genovese and Alexey Neelov and Stefan Goedecker and Thierry Deutsch and Seyed Alireza Ghasemi and Alexander Willand and Damien Caliste and Oded Zilberberg and Mark Rayson and Anders Bergman and Reinhold Schneider},
  title 	 = {Daubechies wavelets as a basis set for density functional pseudopotential calculations},
  journal 	 = {The Journal of Chemical Physics},
  doi 		 = {10.1063/1.2949547},
  year 		 = 2008,
}

